# Item keys MUST be valid rust identifiers, i.e. they MUST NOT contain e.g. `:` (which is usually the only relevant character).
# By convention we just drop the `:` before the year.
@article{Moch2004pa,
      author         = "Moch, S. and Vermaseren, J. A. M. and Vogt, A.",
      title          = "{The Three loop splitting functions in QCD: The
                        Nonsinglet case}",
      journal        = "Nucl. Phys.",
      volume         = "B688",
      year           = "2004",
      pages          = "101-134",
      doi            = "10.1016/j.nuclphysb.2004.03.030",
      eprint         = "hep-ph/0403192",
      archivePrefix  = "arXiv",
      primaryClass   = "hep-ph",
      reportNumber   = "DESY-04-047, SFB-CPP-04-09, NIKHEF-04-001",
      SLACcitation   = "%%CITATION = HEP-PH/0403192;%%"
}
@article{Vogt2004mw,
      author         = "Vogt, A. and Moch, S. and Vermaseren, J. A. M.",
      title          = "{The Three-loop splitting functions in QCD: The Singlet
                        case}",
      journal        = "Nucl. Phys.",
      volume         = "B691",
      year           = "2004",
      pages          = "129-181",
      doi            = "10.1016/j.nuclphysb.2004.04.024",
      eprint         = "hep-ph/0404111",
      archivePrefix  = "arXiv",
      primaryClass   = "hep-ph",
      reportNumber   = "NIKHEF-04-004, DESY-04-060, SFB-CPP-04-12",
      SLACcitation   = "%%CITATION = HEP-PH/0404111;%%"
}
@article{KOLBIG1972221,
    title = "Programs for computing the logarithm of the gamma function, and the digamma function, for complex argument",
    journal = "Computer Physics Communications",
    volume = "4",
    number = "2",
    pages = "221 - 226",
    year = "1972",
    issn = "0010-4655",
    doi = "https://doi.org/10.1016/0010-4655(72)90012-4",
    url = "http://www.sciencedirect.com/science/article/pii/0010465572900124",
    author = "K.S. Kölbig"
}
@article{Abate,
      author = {Abate, J. and Valkó, P.},
      year = {2004},
      month = {06},
      pages = {979 - 993},
      title = {Multi‐precision Laplace transform inversion},
      volume = {60},
      journal = {International Journal for Numerical Methods in Engineering},
      doi = {10.1002/nme.995}
}
@phdthesis{MuselliPhD,
    author = "Muselli, Claudio",
    title = "{Resummations of Transverse Momentum Distributions}",
    doi = "10.13130/muselli-claudio_phd2017-12-01",
    school = "Università degli studi di Milano, Dipartimento di Fisica",
    year = "2017"
}
@article{Vogt2004ns,
    author = "Vogt, A.",
    archivePrefix = "arXiv",
    doi = "10.1016/j.cpc.2005.03.103",
    eprint = "hep-ph/0408244",
    journal = "Comput. Phys. Commun.",
    pages = "65--92",
    reportNumber = "NIKHEF-04-011",
    title = "{Efficient evolution of unpolarized and polarized parton distributions with QCD-PEGASUS}",
    volume = "170",
    year = "2005"
}
@article{Ball2015tna,
    author = "Ball, Richard D. and Bertone, Valerio and Bonvini, Marco and Forte, Stefano and Groth Merrild, Patrick and Rojo, Juan and Rottoli, Luca",
    title = "{Intrinsic charm in a matched general-mass scheme}",
    eprint = "1510.00009",
    archivePrefix = "arXiv",
    primaryClass = "hep-ph",
    reportNumber = "EDINBURGH-2015-06, TIF-UNIMI-2015-11, EDINBURGH-2015-14, CERN-PH-TH-2015-176, OUTP-15-20P",
    doi = "10.1016/j.physletb.2015.12.077",
    journal = "Phys. Lett. B",
    volume = "754",
    pages = "49--58",
    year = "2016"
}
@article{Buza1996wv,
    author = "Buza, M. and Matiounine, Y. and Smith, J. and van Neerven, W. L.",
    title = "{Charm electroproduction viewed in the variable flavor number scheme versus fixed order perturbation theory}",
    eprint = "hep-ph/9612398",
    archivePrefix = "arXiv",
    reportNumber = "NIKHEF-96-027, ITP-SB-96-66, DESY-96-258, INLO-PUB-22-96",
    doi = "10.1007/BF01245820",
    journal = "Eur. Phys. J. C",
    volume = "1",
    pages = "301--320",
    year = "1998"
}
@article{Bierenbaum2009zt,
    author = "Bierenbaum, Isabella and Blumlein, Johannes and Klein, Sebastian",
    title = "{The Gluonic Operator Matrix Elements at O(alpha(s)**2) for DIS Heavy Flavor Production}",
    eprint = "0901.0669",
    archivePrefix = "arXiv",
    primaryClass = "hep-ph",
    reportNumber = "DESY-08-187, SFB-CPP-08-107, IFIC-08-68",
    doi = "10.1016/j.physletb.2009.01.057",
    journal = "Phys. Lett. B",
    volume = "672",
    pages = "401--406",
    year = "2009"
}
@article{Gluck1995yr,
    author = "Gluck, M. and Reya, E. and Stratmann, M. and Vogelsang, W.",
    title = "{Next-to-leading order radiative parton model analysis of polarized deep inelastic lepton - nucleon scattering}",
    eprint = "hep-ph/9508347",
    archivePrefix = "arXiv",
    reportNumber = "DO-TH-95-13, RAL-TR-95-042",
    doi = "10.1103/PhysRevD.53.4775",
    journal = "Phys. Rev. D",
    volume = "53",
    pages = "4775--4786",
    year = "1996"
}
@phdthesis{Carrazza2015dea,
    author = "Carrazza, Stefano",
    title = "{Parton distribution functions with QED corrections}",
    eprint = "1509.00209",
    archivePrefix = "arXiv",
    primaryClass = "hep-ph",
    doi = "10.13130/carrazza-stefano_phd2015-07-06",
    school = "Milan U.",
    year = "2015"
}
@article{deFlorian2015ujt,
    author = "de Florian, Daniel and Sborlini, Germ\'an F. R. and Rodrigo, Germ\'an",
    title = "{QED corrections to the Altarelli\textendash{}Parisi splitting functions}",
    eprint = "1512.00612",
    archivePrefix = "arXiv",
    primaryClass = "hep-ph",
    reportNumber = "ICAS-03-15, IFIC-15-81",
    doi = "10.1140/epjc/s10052-016-4131-8",
    journal = "Eur. Phys. J. C",
    volume = "76",
    number = "5",
    pages = "282",
    year = "2016"
}
@article{deFlorian2016gvk,
    author = "de Florian, Daniel and Sborlini, Germ\'an F. R. and Rodrigo, Germ\'an",
    title = "{Two-loop QED corrections to the Altarelli-Parisi splitting functions}",
    eprint = "1606.02887",
    archivePrefix = "arXiv",
    primaryClass = "hep-ph",
    reportNumber = "ICAS-09-16, IFIC-15-88",
    doi = "10.1007/JHEP10(2016)056",
    journal = "JHEP",
    volume = "10",
    pages = "056",
    year = "2016"
}
@article{Moch2017uml,
    author = "Moch, S. and Ruijl, B. and Ueda, T. and Vermaseren, J. A. M. and Vogt, A.",
    title = "{Four-Loop Non-Singlet Splitting Functions in the Planar Limit and Beyond}",
    eprint = "1707.08315",
    archivePrefix = "arXiv",
    primaryClass = "hep-ph",
    reportNumber = "DESY-17-106, NIKHEF-2017-034, LTH-1139",
    doi = "10.1007/JHEP10(2017)041",
    journal = "JHEP",
    volume = "10",
    pages = "041",
    year = "2017"
}
@article{Falcioni2024qpd,
    author = "Falcioni, G. and Herzog, F. and Moch, S. and Pelloni, A. and Vogt, A.",
    title = "{Four-loop splitting functions in QCD \textendash{} the gluon-gluon case \textendash{}}",
    eprint = "2410.08089",
    archivePrefix = "arXiv",
    primaryClass = "hep-ph",
    reportNumber = "ZU-TH 47/24, DESY-24-144, LTH 1384",
    doi = "10.1016/j.physletb.2024.139194",
    journal = "Phys. Lett. B",
    volume = "860",
    pages = "139194",
    year = "2025"
}
@article{Falcioni2024xyt,
    author = "Falcioni, G. and Herzog, F. and Moch, S. and Pelloni, A. and Vogt, A.",
    title = "{Four-loop splitting functions in QCD \textendash{} The quark-to-gluon case}",
    eprint = "2404.09701",
    archivePrefix = "arXiv",
    primaryClass = "hep-ph",
    reportNumber = "ZU-TH 20/24, DESY-24-053, LTH 1367",
    doi = "10.1016/j.physletb.2024.138906",
    journal = "Phys. Lett. B",
    volume = "856",
    pages = "138906",
    year = "2024"
}
@article{Falcioni2023luc,
    author = "Falcioni, G. and Herzog, F. and Moch, S. and Vogt, A.",
    title = "{Four-loop splitting functions in QCD \textendash{} The quark-quark case}",
    eprint = "2302.07593",
    archivePrefix = "arXiv",
    primaryClass = "hep-ph",
    reportNumber = "DESY 23--022, LTH 1333",
    doi = "10.1016/j.physletb.2023.137944",
    journal = "Phys. Lett. B",
    volume = "842",
    pages = "137944",
    year = "2023"
}
@article{Falcioni2023vqq,
    author = "Falcioni, G. and Herzog, F. and Moch, S. and Vogt, A.",
    title = "{Four-loop splitting functions in QCD \textendash{} The gluon-to-quark case}",
    eprint = "2307.04158",
    archivePrefix = "arXiv",
    primaryClass = "hep-ph",
    reportNumber = "DESY 23-096, LTH 1345",
    doi = "10.1016/j.physletb.2023.138215",
    journal = "Phys. Lett. B",
    volume = "846",
    pages = "138215",
    year = "2023"
}
