@article{Herzog:2017ohr,
      author         = "Herzog, F. and Ruijl, B. and Ueda, T. and Vermaseren, J.
                        A. M. and Vogt, A.",
      title          = "{The five-loop beta function of Yang-Mills theory with
                        fermions}",
      journal        = "JHEP",
      volume         = "02",
      year           = "2017",
      pages          = "090",
      doi            = "10.1007/JHEP02(2017)090",
      eprint         = "1701.01404",
      archivePrefix  = "arXiv",
      primaryClass   = "hep-ph",
      reportNumber   = "NIKHEF-2017-001, LTH-1117",
      SLACcitation   = "%%CITATION = ARXIV:1701.01404;%%"
}
@article{Luthe:2016ima,
      author         = "Luthe, Thomas and Maier, Andreas and Marquard, Peter and
                        Schröder, York",
      title          = "{Towards the five-loop Beta function for a general gauge
                        group}",
      journal        = "JHEP",
      volume         = "07",
      year           = "2016",
      pages          = "127",
      doi            = "10.1007/JHEP07(2016)127",
      eprint         = "1606.08662",
      archivePrefix  = "arXiv",
      primaryClass   = "hep-ph",
      reportNumber   = "TTP16-025, IPPP-16-57, DESY-16-117",
      SLACcitation   = "%%CITATION = ARXIV:1606.08662;%%"
}
@article{Baikov:2016tgj,
      author         = "Baikov, P. A. and Chetyrkin, K. G. and Kühn, J. H.",
      title          = "{Five-Loop Running of the QCD coupling constant}",
      journal        = "Phys. Rev. Lett.",
      volume         = "118",
      year           = "2017",
      number         = "8",
      pages          = "082002",
      doi            = "10.1103/PhysRevLett.118.082002",
      eprint         = "1606.08659",
      archivePrefix  = "arXiv",
      primaryClass   = "hep-ph",
      reportNumber   = "TTP16-026",
      SLACcitation   = "%%CITATION = ARXIV:1606.08659;%%"
}
@article{Moch:2004pa,
      author         = "Moch, S. and Vermaseren, J. A. M. and Vogt, A.",
      title          = "{The Three loop splitting functions in QCD: The
                        Nonsinglet case}",
      journal        = "Nucl. Phys.",
      volume         = "B688",
      year           = "2004",
      pages          = "101-134",
      doi            = "10.1016/j.nuclphysb.2004.03.030",
      eprint         = "hep-ph/0403192",
      archivePrefix  = "arXiv",
      primaryClass   = "hep-ph",
      reportNumber   = "DESY-04-047, SFB-CPP-04-09, NIKHEF-04-001",
      SLACcitation   = "%%CITATION = HEP-PH/0403192;%%"
}
@article{Vogt:2004mw,
      author         = "Vogt, A. and Moch, S. and Vermaseren, J. A. M.",
      title          = "{The Three-loop splitting functions in QCD: The Singlet
                        case}",
      journal        = "Nucl. Phys.",
      volume         = "B691",
      year           = "2004",
      pages          = "129-181",
      doi            = "10.1016/j.nuclphysb.2004.04.024",
      eprint         = "hep-ph/0404111",
      archivePrefix  = "arXiv",
      primaryClass   = "hep-ph",
      reportNumber   = "NIKHEF-04-004, DESY-04-060, SFB-CPP-04-12",
      SLACcitation   = "%%CITATION = HEP-PH/0404111;%%"
}
@inproceedings{Giele:2002hx,
    author = "Giele, W. and others",
    title = "{The QCD / SM working group: Summary report}",
    booktitle = "{2nd Les Houches Workshop on Physics at TeV Colliders}",
    eprint = "hep-ph/0204316",
    archivePrefix = "arXiv",
    reportNumber = "FERMILAB-CONF-02-410",
    pages = "275--426",
    month = "4",
    year = "2002"
}
@article{Dittmar:2005ed,
      author         = "Dittmar, M. and others",
      title          = "{Working Group I: Parton distributions: Summary report
                        for the HERA LHC Workshop Proceedings}",
      journal        = "{WGI}",
      year           = "2005",
      eprint         = "hep-ph/0511119",
      archivePrefix  = "arXiv",
      primaryClass   = "hep-ph",
      reportNumber   = "FERMILAB-CONF-05-586-E, IFUM-853-FT",
      SLACcitation   = "%%CITATION = HEP-PH/0511119;%%"
}
@article{Abate,
      author = {Abate, J. and Valkó, P.},
      year = {2004},
      month = {06},
      pages = {979 - 993},
      title = {Multi‐precision Laplace transform inversion},
      volume = {60},
      journal = {International Journal for Numerical Methods in Engineering},
      doi = {10.1002/nme.995}
}
@article{Vogt:2004ns,
    author = "Vogt, A.",
    archivePrefix = "arXiv",
    doi = "10.1016/j.cpc.2005.03.103",
    eprint = "hep-ph/0408244",
    journal = "Comput. Phys. Commun.",
    pages = "65--92",
    reportNumber = "NIKHEF-04-011",
    title = "{Efficient evolution of unpolarized and polarized parton distributions with QCD-PEGASUS}",
    volume = "170",
    year = "2005"
}
@article{Schroder:2005hy,
    author = "Schroder, Y. and Steinhauser, M.",
    title = "{Four-loop decoupling relations for the strong coupling}",
    eprint = "hep-ph/0512058",
    archivePrefix = "arXiv",
    reportNumber = "BI-TP-2005-44, SFB-CPP-05-70, TTP05-21",
    doi = "10.1088/1126-6708/2006/01/051",
    journal = "JHEP",
    volume = "01",
    pages = "051",
    year = "2006"
}
@article{Chetyrkin:2005ia,
    author = "Chetyrkin, K.G. and Kuhn, Johann H. and Sturm, Christian",
    title = "{QCD decoupling at four loops}",
    eprint = "hep-ph/0512060",
    archivePrefix = "arXiv",
    reportNumber = "SFB-CPP-05-80, TTP05-27",
    doi = "10.1016/j.nuclphysb.2006.03.020",
    journal = "Nucl. Phys. B",
    volume = "744",
    pages = "121--135",
    year = "2006"
}
@article{KOLBIG1972221,
    title = "Programs for computing the logarithm of the gamma function, and the digamma function, for complex argument",
    journal = "Computer Physics Communications",
    volume = "4",
    number = "2",
    pages = "221 - 226",
    year = "1972",
    issn = "0010-4655",
    doi = "https://doi.org/10.1016/0010-4655(72)90012-4",
    url = "http://www.sciencedirect.com/science/article/pii/0010465572900124",
    author = "K.S. Kölbig"
}
@article{Gluck:1989ze,
    author = "Glück, M. and Reya, E. and Vogt, A.",
    title = "{Radiatively generated parton distributions for high-energy collisions}",
    reportNumber = "DO-TH-89/20",
    doi = "10.1007/BF01572029",
    journal = "Z. Phys. C",
    volume = "48",
    pages = "471--482",
    year = "1990"
}
@phdthesis{MuselliPhD,
    author = "Muselli, Claudio",
    title = "{Resummations of Transverse Momentum Distributions}",
    doi = "10.13130/muselli-claudio_phd2017-12-01",
    school = "Università degli studi di Milano, Dipartimento di Fisica",
    year = "2017"
}
@article{Blumlein:1998if,
    author = "Blümlein, Johannes and Kurth, Stefan",
    title = "{Harmonic sums and Mellin transforms up to two loop order}",
    eprint = "hep-ph/9810241",
    archivePrefix = "arXiv",
    reportNumber = "DESY-98-141",
    doi = "10.1103/PhysRevD.60.014018",
    journal = "Phys. Rev. D",
    volume = "60",
    pages = "014018",
    year = "1999"
}
@phdthesis{Ablinger:2013hcp,
    author = "Ablinger, Jakob",
    title = "{Computer Algebra Algorithms for Special Functions in Particle Physics}",
    eprint = "1305.0687",
    archivePrefix = "arXiv",
    primaryClass = "math-ph",
    school = "Linz U.",
    month = "4",
    year = "2012"
}
@article{Hahn:2016ebn,
    author = "Hahn, Thomas and Paßehr, Sebastian and Schappacher, Christian",
    editor = "Salinas, Luis and Torres, Claudio",
    title = "{FormCalc 9 and Extensions}",
    eprint = "1604.04611",
    archivePrefix = "arXiv",
    primaryClass = "hep-ph",
    reportNumber = "DESY-16-060, MPP-2016-63",
    doi = "10.1088/1742-6596/762/1/012065",
    journal = "PoS",
    volume = "LL2016",
    pages = "068",
    year = "2016"
}
@article{RuizArriola:1998er,
    author = "Ruiz Arriola, E.",
    title = "{NLO evolution for large scale distances, positivity constraints and the low-energy model of the nucleon}",
    doi = "10.1016/S0375-9474(98)00489-8",
    journal = "Nucl. Phys. A",
    volume = "641",
    pages = "461--475",
    year = "1998"
}
@phdthesis{Bonvini:2012sh,
    author = "Bonvini, Marco",
    title = "{Resummation of soft and hard gluon radiation in perturbative QCD}",
    eprint = "1212.0480",
    archivePrefix = "arXiv",
    primaryClass = "hep-ph",
    school = "Genoa U.",
    year = "2012"
}
@article{Buckley:2014ana,
    author = {Buckley, Andy and Ferrando, James and Lloyd, Stephen and Nordstr\"om, Karl and Page, Ben and R\"ufenacht, Martin and Sch\"onherr, Marek and Watt, Graeme},
    title = "{LHAPDF6: parton density access in the LHC precision era}",
    eprint = "1412.7420",
    archivePrefix = "arXiv",
    primaryClass = "hep-ph",
    reportNumber = "GLAS-PPE-2014-05, MCNET-14-29, IPPP-14-111, DCPT-14-222",
    doi = "10.1140/epjc/s10052-015-3318-8",
    journal = "Eur. Phys. J. C",
    volume = "75",
    pages = "132",
    year = "2015"
}
@article{Candido:2020yat,
    author = "Candido, Alessandro and Forte, Stefano and Hekhorn, Felix",
    title = "{Can $ \overline{\mathrm{MS}} $ parton distributions be negative?}",
    eprint = "2006.07377",
    archivePrefix = "arXiv",
    primaryClass = "hep-ph",
    reportNumber = "TIF-UNIMI-2020-9",
    doi = "10.1007/JHEP11(2020)129",
    journal = "JHEP",
    volume = "11",
    pages = "129",
    year = "2020"
}
@article{Forte:2010ta,
    author = "Forte, Stefano and Laenen, Eric and Nason, Paolo and Rojo, Juan",
    title = "{Heavy quarks in deep-inelastic scattering}",
    eprint = "1001.2312",
    archivePrefix = "arXiv",
    primaryClass = "hep-ph",
    reportNumber = "IFUM-949-FT, NIKHEF-2010-001, ITP-UU-10-03, ITFA-2010-01",
    doi = "10.1016/j.nuclphysb.2010.03.014",
    journal = "Nucl. Phys. B",
    volume = "834",
    pages = "116--162",
    year = "2010"
}
@article{Ball:2015dpa,
    author = "Ball, Richard D. and Bonvini, Marco and Rottoli, Luca",
    title = "{Charm in Deep-Inelastic Scattering}",
    eprint = "1510.02491",
    archivePrefix = "arXiv",
    primaryClass = "hep-ph",
    reportNumber = "EDINBURGH-2015-06, CERN-PH-TH-2015-118, OUTP-15-25P",
    doi = "10.1007/JHEP11(2015)122",
    journal = "JHEP",
    volume = "11",
    pages = "122",
    year = "2015"
}
@article{AbdulKhalek:2019ihb,
    author = "Abdul Khalek, Rabah and others",
    collaboration = "NNPDF",
    title = "{Parton Distributions with Theory Uncertainties: General Formalism and First Phenomenological Studies}",
    eprint = "1906.10698",
    archivePrefix = "arXiv",
    primaryClass = "hep-ph",
    reportNumber = "Edinburgh 2019/9, Nikhef/2019-014, TIF-UNIMI-2019-9 DAMTP-2019-24,
  CAVENDISH-HEP-19-11",
    doi = "10.1140/epjc/s10052-019-7401-4",
    journal = "Eur. Phys. J. C",
    volume = "79",
    number = "11",
    pages = "931",
    year = "2019"
}

@article{Cafarella_2008,
   title={Precision studies of the NNLO DGLAP evolution at the LHC with Candia},
   volume={179},
   ISSN={0010-4655},
   url={http://dx.doi.org/10.1016/j.cpc.2008.06.004},
   DOI={10.1016/j.cpc.2008.06.004},
   number={9},
   journal={Computer Physics Communications},
   publisher={Elsevier BV},
   author={Cafarella, Alessandro and Corianò, Claudio and Guzzi, Marco},
   year={2008},
   month={Nov},
   pages={665–684}
}

@article{Buza_1998,
   title={Charm electroproduction viewed in the variable-flavour number scheme versus fixed-order perturbation theory},
   volume={1},
   ISSN={1434-6052},
   url={http://dx.doi.org/10.1007/BF01245820},
   DOI={10.1007/bf01245820},
   number={1-2},
   journal={The European Physical Journal C},
   publisher={Springer Science and Business Media LLC},
   author={Buza, M. and Matiounine, Y. and Smith, J. and van Neerven, W. L.},
   year={1998},
   month={Mar},
   pages={301–320}
}

@article{Ball_2016,
   title={Intrinsic charm in a matched general-mass scheme},
   volume={754},
   ISSN={0370-2693},
   url={http://dx.doi.org/10.1016/j.physletb.2015.12.077},
   DOI={10.1016/j.physletb.2015.12.077},
   journal={Physics Letters B},
   publisher={Elsevier BV},
   author={Ball, Richard D. and Bertone, Valerio and Bonvini, Marco and Forte, Stefano and Groth Merrild, Patrick and Rojo, Juan and Rottoli, Luca},
   year={2016},
   month={Mar},
   pages={49–58}
}


@article{Bierenbaum_2009,
   title={Mellin moments of the heavy flavor contributions to unpolarized deep-inelastic scattering at and anomalous dimensions},
   volume={820},
   ISSN={0550-3213},
   url={http://dx.doi.org/10.1016/j.nuclphysb.2009.06.005},
   DOI={10.1016/j.nuclphysb.2009.06.005},
   number={1-2},
   journal={Nuclear Physics B},
   publisher={Elsevier BV},
   author={Bierenbaum, Isabella and Blümlein, Johannes and Klein, Sebastian},
   year={2009},
   month={Oct},
   pages={417–482}
}

@article{Carrazza_2020,
    author = "Carrazza, S. and Nocera, E. R. and Schwan, C. and Zaro, M.",
    title = "{PineAPPL: combining EW and QCD corrections for fast evaluation of LHC processes}",
    eprint = "2008.12789",
    archivePrefix = "arXiv",
    primaryClass = "hep-ph",
    doi = "10.1007/JHEP12(2020)108",
    journal = "JHEP",
    volume = "12",
    pages = "108",
    year = "2020"
}

@article{Altarelli:1977zs,
    author       = {Altarelli, Guido and Parisi, G.},
    title        = {{Asymptotic Freedom in Parton Language}},
    journal      = {Nucl. Phys.},
    volume       = {B126},
    year         = {1977},
    pages        = {298-318},
    doi          = {10.1016/0550-3213(77)90384-4},
    reportnumber = {LPTENS-77-6},
    slaccitation = {%%CITATION = NUPHA,B126,298;%%}
}

@article{Dokshitzer:1977sg,
    author       = {Dokshitzer, Yuri L.},
    title        = {{Calculation of the Structure Functions for Deep
        Inelastic Scattering and e+ e- Annihilation by
            Perturbation Theory in Quantum Chromodynamics.}},
    journal      = {Sov. Phys. JETP},
    volume       = {46},
    year         = {1977},
    pages        = {641-653},
    note         = {[Zh. Eksp. Teor. Fiz.73,1216(1977)]},
    slaccitation = {%%CITATION = SPHJA,46,641;%%}
}

@article{Gribov:1972ri,
    author       = {Gribov, V. N. and Lipatov, L. N.},
    title        = {{Deep inelastic e p scattering in perturbation theory}},
    journal      = {Sov. J. Nucl. Phys.},
    volume       = {15},
    year         = {1972},
    pages        = {438-450},
    note         = {[Yad. Fiz.15,781(1972)]},
    reportnumber = {IPTI-381-71},
    slaccitation = {%%CITATION = SJNCA,15,438;%%}
}

@article{Bertone:2013vaa,
    author        = {Bertone, Valerio and Carrazza, Stefano and Rojo, Juan},
    title         = {{APFEL: A PDF Evolution Library with QED corrections}},
    eprint        = {1310.1394},
    archiveprefix = {arXiv},
    primaryclass  = {hep-ph},
    reportnumber  = {IFUM-1015-FT, CERN-PH-TH-2013-209},
    doi           = {10.1016/j.cpc.2014.03.007},
    journal       = {Comput. Phys. Commun.},
    volume        = {185},
    pages         = {1647--1668},
    year          = {2014}
}

@phdthesis{Carrazza:2015dea,
    author = "Carrazza, Stefano",
    title = "{Parton distribution functions with QED corrections}",
    eprint = "1509.00209",
    archivePrefix = "arXiv",
    primaryClass = "hep-ph",
    doi = "10.13130/carrazza-stefano_phd2015-07-06",
    school = "Milan U.",
    year = "2015"
}

@article{Vermaseren:1997fq,
    author = "Vermaseren, J. A. M. and Larin, S. A. and van Ritbergen, T.",
    title = "{The four loop quark mass anomalous dimension and the invariant quark mass}",
    eprint = "hep-ph/9703284",
    archivePrefix = "arXiv",
    reportNumber = "UM-TH-97-03, NIKHEF-97-012",
    doi = "10.1016/S0370-2693(97)00660-6",
    journal = "Phys. Lett. B",
    volume = "405",
    pages = "327--333",
    year = "1997"
}

@article{Liu:2015fxa,
    author = "Liu, Tao and Steinhauser, Matthias",
    title = "{Decoupling of heavy quarks at four loops and effective Higgs-fermion coupling}",
    eprint = "1502.04719",
    archivePrefix = "arXiv",
    primaryClass = "hep-ph",
    reportNumber = "TTP15-05",
    doi = "10.1016/j.physletb.2015.05.023",
    journal = "Phys. Lett. B",
    volume = "746",
    pages = "330--334",
    year = "2015"
}
