@article{Moch2004pa,
      author         = "Moch, S. and Vermaseren, J. A. M. and Vogt, A.",
      title          = "{The Three loop splitting functions in QCD: The
                        Nonsinglet case}",
      journal        = "Nucl. Phys.",
      volume         = "B688",
      year           = "2004",
      pages          = "101-134",
      doi            = "10.1016/j.nuclphysb.2004.03.030",
      eprint         = "hep-ph/0403192",
      archivePrefix  = "arXiv",
      primaryClass   = "hep-ph",
      reportNumber   = "DESY-04-047, SFB-CPP-04-09, NIKHEF-04-001",
      SLACcitation   = "%%CITATION = HEP-PH/0403192;%%"
}
@article{Vogt2004mw,
      author         = "Vogt, A. and Moch, S. and Vermaseren, J. A. M.",
      title          = "{The Three-loop splitting functions in QCD: The Singlet
                        case}",
      journal        = "Nucl. Phys.",
      volume         = "B691",
      year           = "2004",
      pages          = "129-181",
      doi            = "10.1016/j.nuclphysb.2004.04.024",
      eprint         = "hep-ph/0404111",
      archivePrefix  = "arXiv",
      primaryClass   = "hep-ph",
      reportNumber   = "NIKHEF-04-004, DESY-04-060, SFB-CPP-04-12",
      SLACcitation   = "%%CITATION = HEP-PH/0404111;%%"
}
